@TechReport{Thompson:12:WXS,
  author      = "Henry Thompson and Michael Sperberg-McQueen and Paul V. Biron and Ashok Malhotra and Sandy Gao and David Peterson",
  title       = "{W3C} XML Schema Definition Language ({XSD}) {1.1} Part 2: Datatypes",
  month       = apr,
  note        = "http://www.w3.org/TR/2012/REC-xmlschema11-2-20120405/",
  year        = "2012",
  bibsource   = "http://w2.syronex.com/jmr/w3c-biblio",
  type        = "{W3C} Recommendation",
  institution = "W3C",
}

@article{jflap:challenges,
  author      = "Ian C. McMahon",
  title       = {Improving the Capabilities of JFLAP
  Creating Effective User Interfaces in Learning for Theoretical Computer Science},
  url        = "http://www.cs.duke.edu/education/undergrad/assets\_research/\\2014\_ian\_mcmahon\_thesis.pdf",
  year        = "2014"
}

@BOOK{jflap:book,
AUTHOR = {Susan H. Rodger and Thomas W. Finley},
TITLE = {JFLAP: An Interactive Formal Languages and Automata Package},
EDITION = {illustrated},
PUBLISHER = {Jones \& Bartlett Learning},
YEAR = {2006},
ADDRESS = {Jones \& Bartlett Learning
5 Wall Street
Burlington, MA 01803},
ISBN = {0763738344, 9780763738341} 
}

@book{Johnson:1997:LGP:541144,
 author = {Johnson, Gary W.},
 title = {LabVIEW Graphical Programming: Practical Applications in Instrumentation and Control},
 year = {1997},
 isbn = {007032915X},
 edition = {2nd},
 publisher = {McGraw-Hill School Education Group},
} 
